2800 4730
210 297 394 370 JOSEPHI
415 288 642 400 senticem
661 281 842 349 NOTITIA
862 275 1064 345 GALLIAE.
1118 265 1181 350 887

100 511 439 600 Novempopulaniem.
478 501 592 567 Pollea
624 493 844 562 Conllautinus
872 500 1010 578 Magnus
1034 485 1186 554 inllitutis

128 615 241 662 uatuor
257 592 434 680 praelectis
454 582 643 674 praetorio,
666 579 793 644 duobus
810 579 843 641 in
863 579 1020 650 Oriente,
1050 569 1188 636 totidem
1214 593 1216 596 ·
1241 569 1246 582 '

105 704 141 746 sn
155 676 345 748 Occidente,
369 674 505 735 alterum
520 661 712 730 Occidentis
726 661 760 721 in
778 662 860 724 urbe
872 665 984 730 Roma,
1007 658 1143 718 alterum
1153 651 1188 710 iu

105 763 188 824 urbe
200 745 591 832 Treverensioollocavit,
613 745 670 829 qui
680 743 866 827 praelectus
882 741 1050 826 practorio
1068 733 1189 798 Gallia·
1229 759 1236 770 ,

107 863 178 906 rum
186 854 317 904 vocatus
329 838 402 900 fuit.
444 837 487 896 Et
503 830 578 915 quia
596 847 657 924 pcr
672 827 903 911 occupationes
921 822 1054 908 imperii
1071 813 1189 879 inillis

107 923 242 986 urbibus
265 933 424 1005 perpetuo
440 915 577 976 haerere
596 908 662 970 illis
682 927 746 966 non
768 907 885 972 licebat
897 889 917 978 ,'
934 903 1052 966 vicarii
1068 896 1109 962 ali
1133 907 1192 956 uot

110 1006 159 1068 eis
171 1002 317 1070 attributi
332 1013 422 1070 sunt,
445 997 501 1080 qui
516 991 629 1056 cadem
644 986 799 1073 potellate
817 987 998 1072 provinciis
1013 918 1190 1062 justelde-
1206 1003 1208 1008 ¹

110 1101 195 1149 rent.
224 1083 397 1146 Praefecto
411 1081 512 1164 igitur
529 1071 688 1160 praetorii
708 1070 884 1131 Galliarum
901 1081 970 1129 tres
982 1063 1098 1130 vicarii
1114 1057 1191 1121 dati.

109 1168 222 1230 Primo
234 1165 329 1228 sedes
347 1163 418 1227 dota
431 1159 609 1229 'l'reveris,
633 1151 777 1224 secundo
798 1150 958 1234 Lugduni,
975 1147 1074 1210 tertio
1090 1143 1194 1208 Vien-

111 1269 183 1312 nae.
225 1251 335 1331 Itaque
346 1259 382 1306 ut
397 1241 513 1306 horuin
524 1236 720 1301 vicariorum
733 1253 846 1314 magna
861 1245 933 1293 erat·
949 1228 1133 1296 auctoritas,
1150 1223 1201 1282 ita

111 1331 241 1392 urbium
255 1325 457 1413 quoque„in
468 1320 585 1406 quibus
596 1316 707 1380 sedem
716 1313 886 1385 habebant,
909 1313 1044 1373 maxima
1054 1305 1195 1370 claritas.

112 1411 313 1474 'I'rencrensi
329 1406 451 1470 vicario
461 1395 747 1490 parebantprimae
764 1410 797 1457 et
808 1394 968 1460 secundae
980 1383 1152 1454 Germania
1164 1387 1201 1445 et'
1260 1421 1268 1440 .

112 1493 257 1576 Belgica,
281 1480 686 1560 ettotaBritanniainlirla.
718 1475 939 1559 Lugdunensi,
964 1487 1100 1557 quatuor
1111 1471 1198 1548 Lug-

114 1573 290 1645 dunenses,
314 1590 386 1632 cum
402 1567 535 1628 maxima
555 1565 789 1646 Sequanorum.
824 1555 1006 1620 Viennensi
1023 1551 1146 1636 primae
1166 1557 1200 1608 ct

114 1654 275 1716 secundae
285 1646 507 1715 Narbonensis
521 1657 554 1706 ct
567 1639 750 1725 Aquitania.
794 1638 894 1720 Alpes
906 1627 1023 1698 Graiae
1034 1647 1067 1694 et
1077 1629 1200 1692 Poeni-

113 1757 186 1810 nae,
208 1735 246 1798 Al
273 1755 308 1796 cs
324 1730 514 1798 maritimae,
536 1719 842 1814 Novempopulanie.
885 1721 1003 1778 Totum
1015 1715 1089 1784 boc,
1113 1706 1201 1794 quod

64 1873 67 1878 .
115 1819 212 1880 unius
229 1813 342 1878 vicarii
358 1807 579 1892 jurisdictioni
601 1804 762 1881 subjacet,
792 1799 899 1860 Latini
924 1795 1086 1880 quomodo
1112 1791 1201 1866 desis

117 1900 258 1982 gnarint,
270 1917 335 1957 non
344 1889 496 1954 memini:
523 1885 581 1970 sed
596 1883 714 1948 Graeci
730 1885 889 1958 ὲξορκίον,
900 1889 1060 1958 διοίκησιν,
1071 1881 1202 1956 πατριὰν

118 1992 246 2041 vocant.
289 1980 477 2057 Regnorum
487 1968 577 2030 vic'es
588 1965 686 2024 multa
696 1963 729 2024 in
740 1965 800 2025 hac
813 1965 974 2030 divisione
984 1967 1202 2034 immutarunt,
1250 2013 1253 2018 .

121 2061 181 2122 sed
197 2059 291 2121 [latus
307 2049 552 2118 Ecclesiasticus
568 2061 632 2108 tem
652 2044 687 2104 in
706 2045 843 2108 Oriente
859 2059 952 2131 quam
971 2048 1005 2108 in
1021 2043 1203 2108 'Occidente
1304 2053 1307 2062 ’

121 2140 193 2218 eius
207 2141 335 2222 integra
348 2132 481 2216 vestigia
494 2131 649 2192 hactenus
667 2124 812 2187 retinuit.
856 2131 935 2190 Nem
946 2128 1105 2198 civitates,
1122 2143 1203 2210 quac

119 2221 300 2308 provinciis
311 2217 439 2280 nomina
454 2212 623 2280 iecerunt,
647 2219 849 2290 μητροπόλεις
865 2222 981 2272 vocant
993 2232 1000 2271 ι
1012 2219 1055 2270 'et
1066 2207 1094 2270 si
1105 2207 1139 2268 in
1154 2207 1204 2268 eis

32 2339 34 2344 ·
122 2303 219 2366 telles
238 2293 474 2366 sueritvicarfis
491 2311 587 2378 quem
601 2292 736 2370 ἔξαρχον
751 2295 924 2366 vocabant,
948 2313 1002 2354 eas
1020 2313 1085 2353 non
1101 2289 1205 2352 solum

123 2397 335 2465 μητροπόλεις,
352 2379 410 2442 sed
422 2393 454 2440 ct
465 2381 613 2455 ὲξορκίος
630 2393 664 2442 et
681 2389 888 2457 πατριορκόος
907 2387 1040 2439 vocant:
1063 2385 1096 2434 et
1109 2389 1206 2454 prae·

68 2466 72 2500 ¹
126 2476 214 2536 ⁸⁰1&
232 2493 341 2535 ellum
360 2469 493 2552 ἐξάρχω
506 2485 559 2538 eat
576 2477 793 2548 πατριόρκοςς
810 2463 956 2543 reliquos
969 2461 1204 2534 μητροπολίτας,

123 2566 432 2634 κοὶόρχιεπισκόπος,
452 2562 507 2646 qui
524 2553 582 2622 sub
602 2576 637 2616 se
655 2569 777 2616 tentum
794 2551 951 2613 ἐπισκόποις
968 2543 1105 2604 habena
1134 2553 1208 2597 nam

128 2663 158 2713 ot
178 2653 309 2726 ἔξορκος
338 2647 396 2708 sub
418 2667 453 2708 se
473 2655 604 2727 praeter
629 2637 802 2720 episcopos
827 2635 1053 2708 μητροπολίτας
1075 2619 1207 2690 habent,

126 2743 351 2812 μοςροςιολῐςοι
368 2749 448 2792 vcro
459 2737 580 2788 tantum
597 2724 765 2782 ἐπισκόποις.
803 2720 839 2778 ln
853 2708 1003 2776 Ecclesia
1016 2704 1129 2768 Latina
1146 2699 1211 2760 Ar-

94 2825 104 2858 '
125 2821 204 2884 'cbie
229 2819 415 2900 iscoporum
432 2825 465 2874 et
476 2827 593 2876 nomen
604 2803 696 2883 etjus
710 2812 835 2871 manet,
858 2808 892 2857 et.
905 2787 1090 2870 jurisdictio
1107 2783 1210 2845 Cano·

128 2903 201 2966 nica
212 2923 245 2962 m
256 2919 332 2961 suos
345 2893 519 2992 episcopos
534 2885 773 2968 suffraganeos,
796 2878 854 2942 sed
865 2879 1007 2947 ὲξόρκον
1019 2867 1106 2930 ntdla
1116 2857 1212 2926 velli-

129 2985 184 3068 gia
200 2993 325 3044 extant:
348 2976 412 3059 npsi
423 2974 509 3036 sorte
525 2967 680 3050 quaedem
693 2964 804 3025 umbra
818 2960 887 3039 ejus
904 2955 1015 3023 fuerit,
1038 2943 1126 3031 quod
1143 2956 1214 3004 mes

130 3063 285 3148 tropolita
307 3060 377 3121 sive
401 3051 666 3132 archiepiscopus
689 3039 888 3104 Viennensis
904 3035 1073 3120 primatem
1082 3023 1213 3168 Kima-

131 3160 200 3208 tum
216 3161 289 3205 sese
305 3151 408 3202 vocat.
450 3137 499 3196 Eo
516 3131 602 3190 enim
620 3124 757 3189 ollendit
770 3124 830 3185 sub
845 3137 881 3182 se
895 3109 1079 3202 primatcslt
1121 3105 1214 3198 stille,

134 3227 190 3312 qui
211 3225 270 3288 sub
288 3243 327 3285 co
347 3219 457 3288 client,
480 3206 720 3278 Narbonensem
735 3205 904 3290 primatem
919 3187 1215 3259 Provinciae,·=B1·

133 3305 327 3370 turiccnlem
341 3301 511 3385 primatem
532 3289 732 3374 Aquitaniae.
775 3287 880 3348 Aliter
900 3273 1061 3363 quomodo
1080 3281 1133 3330 aut
1189 3283 1216 3360 'o

134 3387 205 3470 jure
215 3387 338 3471 primas
355 3381 528 3466 primatum
539 3373 715 3443 diceretur,
737 3367 802 3428 nisi
817 3363 943 3428 ratione
961 3351 1148 3445 diocccleps
1170 3367 1216 3444 ἰ·

135 3469 216 3532 carii
230 3462 426 3530 Viennensis
436 3456 596 3542 praefecti
611 3449 796 3536 practorio,
820 3445 875 3530 qui
891 3453 1016 3524 septem
1031 3446 1218 3522 provincias

136 3551 197 3613 sub
210 3571 244 3612 se
255 3547 402 3617 habebat,
419 3544 453 3602 in
463 3538 580 3624 quibus
587 3535 691 3620 prima
703 3525 937 3595 Narbonensis,
960 3534 993 3583 et
1002 3517 1105 3602 prima
1117 3513 1219 3594 Aqui·
1271 3532 1274 3538 ’

137 3629 243 3695 tanial
271 3626 367 3724 Quod
391 3643 471 3687 nero
494 3615 722 3699 Lugdunensis
740 3612 910 3696 primatem
926 3609 1000 3664 dese
1017 3595 1128 3661 vocari
1142 3609 1230 3675 geum

139 3713 233 3786 dcet,
255 3728 414 3807 nuperum
434 3719 466 3766 ct
479 3699 636 3763 novitium
650 3693 713 3768 est,
735 3709 769 3756 et
782 3693 832 3754 illi
851 3709 891 3750 ex
903 3679 1066 3747 beneficio
1081 3668 1220 3774 Romili-

50 3832 60 3842 ε
139 3796 187 3857 cis
199 3789 468 3857 [lom.1ndultum.
490 3803 531 3844 ne
578 3766 912 3842 etemenuovumell.
933 3769 1014 3829 Num
1027 3754 1220 3825 Gutltelmut

104 3951 108 3958 ¹
138 3879 233 3939 Brito
247 3875 282 3936 in
298 3893 353 3934 sua
370 3869 537 3951 Philippei
561 3863 638 3925 eita
656 3859 742 3922 canit
753 3874 770 3937 εἱ
875 3891 879 3907 .

281 3971 316 4026 b't
327 3963 564 4042 Lugdunensis,
582 3977 640 4033 quc
659 3955 763 4015 Gallio
781 3959 846 4010 totu
864 3945 993 4012 solebat,

283 4041 319 4095 ttt
328 4037 421 4110 foma
439 4039 504 4097 sat,
523 4030 663 4088 Primote
677 4027 756 4101 regi.

142 4112 185 4174 At
198 4113 318 4194 primes
333 4107 504 4192 primatum
515 4113 608 4162 antea
623 4095 687 4157 dici
703 4097 773 4178 jure
790 4109 855 4150 non
869 4085 993 4171 potuit,
1015 4078 1090 4164 quia
1104 4069 1225 4163 nullam

12 4185 47 4250 ὅ
142 4193 279 4278 primam
291 4186 495 4276 provinciam
509 4182 568 4245 sub
583 4198 622 4242 sc
636 4177 784 4268 babebst.
806 4165 1003 4271 Viennensis
1018 4160 1139 4243 primus
1153 4171 1225 4238 qus.

909 4385 928 4414 fi
