2792 4730
195 251 271 328 608
566 189 972 324 A.HIRTII-

195 489 328 592 procul
352 483 465 558 hostis
491 465 655 596 conspici
677 503 818 587 posset,
858 481 990 554 milites
1014 479 1054 552 in
1080 505 1209 584 campo
1234 487 1300 582 ju·

196 609 418 708 betgaleari,‘
446 629 483 681 et
503 605 551 680 ad
572 625 587 662 θ
606 633 766 710 pugnam
787 606 914 708 parari.
952 607 1122 698 Quorum
1138 608 1297 682 omnino

198 762 372 810 uumerus
396 733 466 804 tuit
492 761 560 806 xxx
586 731 794 805 cohortium
823 756 909 805 cum
938 727 1121 827 equitibus
1147 758 1213 816 cn,
1254 753 1297 804 et

198 858 384 959 sagittariis
405 858 427 912 b
447 886 499 931 cn.

92 1046 95 1053 .
166 1025 182 1068 ι
299 987 395 1056 XIII.
421 961 546 1056 Hostes
576 967 744 1072 interim,
776 969 942 1076 'quorum
969 975 1046 1052 dux
1072 999 1147 1050 erat
1163 981 1294 1053 Labie-

48 1128 52 1136 “
114 1171 116 1186 4
200 1136 293 1198 nus,
319 1128 356 1180 et
371 1104 448 1178 duo
469 1101 625 1191 Pacidii,
649 1105 762 1175 aciem
784 1101 948 1201 dirigunt
965 1123 980 1158 ⁰
998 1103 1153 1175 mirabili
1173 1106 1296 1204 longi-

200 1230 348 1321 tudine,
370 1257 445 1304 non
466 1227 655 1334 peditum,
678 1225 744 1300 sed
763 1227 1158 1327 equitumconferta'm:
1183 1251 1219 1301 et
1234 1231 1295 1302 in·

200 1375 338 1428 tereos
362 1354 448 1429 levis
467 1373 667 1426 armaturae
689 1349 882 1438 Numidas,
915 1375 952 1426 et
971 1353 1168 1451 sagittarios
1190 1352 1295 1456 dpe·

202 1475 296 1551 dites¹
316 1478 624 1582 interposuerant:
652 1477 758 1551 etita
784 1475 1107 1562 condonaverant,
1143 1499 1187 1548 ut
1203 1505 1294 1580 pro-

201 1603 263 1676 cul
287 1621 303 1660 ⁰
320 1602 519 1688 Caesariani
540 1599 725 1706 pedestres
739 1602 875 1718 'copias
904 1602 1183 1675 arbitrarentur:
1225 1605 1296 1676 fet

177 1803 185 1818 ,
202 1724 371 1801 dextrum
393 1755 436 1801 ac
457 1729 641 1802 sinistrum
655 1731 779 1800 'cornu
802 1727 936 1825 magnis
955 1727 1157 1824 aequitum
1176 1728 1300 1830 copiis

164 1853 437 1938 2firmaveraut
488 1851 635 1925 Interim
655 1841 912 1955 Caesarjacic'm
935 1849 1058 1948 dirigit
1078 1851 1294 1953 simplicem,

201 2000 244 2051 ut
263 1999 417 2090 poterat,
442 1999 596 2082 propter
614 1977 842 2080 paucitatem.
893 1975 1095 2073 Sagittarius
1117 1996 1200 2046 ante
1220 1976 1296 2047 aci-

199 2129 259 2176 em
275 2103 479 2176 constituit:
506 2101 645 2202 equites
671 2097 801 2174 dextro
820 2101 1036 2199 sinistroque
1058 2127 1174 2172 cornu
1191 2100 1209 2153 ¹¹
1229 2103 1297 2172 ob-

201 2226 327 2331 ponit:
371 2247 408 2300 et
430 2227 478 2299 ita
503 2226 700 2330 praecipit,
738 2246 781 2298 ut
803 2223 1064 2328 providerent,
1102 2251 1148 2332 ue
1168 2227 1297 2296 multi·

201 2345 332 2422 tudine
366 2349 547 2449 equitatus
577 2347 738 2424 hostium
777 2349 1138 2424 circumvenirentur:
1175 2349 1298 2422 existi-

732 2473 737 2486 ’
1148 2473 1271 2546 mahat

428 2662 658 2718 ventae
693 2659 1052 2716 Lectiones.

132 2815 137 2852 ι
201 2749 1293 2896 ..arauttat:ruitantia·1:att.·.·.t.ttraaz

202 2887 221 2942 d
235 2891 312 2944 abest
321 2889 393 2944 Edri.
407 2891 440 2944 tt.
450 2891 492 2942 tt.
504 2893 797 2964 V.interposuerunt
810 2889 893 2948 MSS.
904 2911 929 2944 a.
950 2909 965 2945 e
979 2891 1200 2948 Caesareihov.
1225 2893 1236 2945 i
1245 2912 1295 2946 aa.

201 2971 268 3013 rent
283 2963 328 3024 τῳ·
344 2965 372 3016 et
389 2961 418 3012 1..
430 2974 479 3027 pr.
492 2961 526 3013 V.
538 2961 610 3014 ιον.
621 2960 810 3016 Dormbene.
848 2975 865 3031 g
881 2961 1049 3032 equitatum
1067 2962 1150 3032 Iapr.
1170 2959 1292 3018 eadat.

200 3027 243 3082 M.
253 3032 289 3086 V.
301 3029 492 3102 equitatuum
502 3031 540 3084 V.
551 3039 583 3084 ut
593 3046 620 3082 c.
632 3049 672 3086 rr.
684 3028 825 3095 confirm·
835 3031 866 3084 1..
880 3047 939 3102 sec.
958 3030 975 3082 h
992 3031 1146 3102 componit
1155 3031 1272 3088 tissa.

200 3198 357 3259 excastrir
368 3199 497 3264 exierat,
513 3194 727 3266 certaindicio,
762 3213 832 3262 sam,
855 3208 887 3252 ut
902 3207 986 3268 puto,
1004 3207 1112 3270 puncta
1126 3197 1175 3251 hic
1191 3198 1222 3250 in
1239 3214 1292 3252 aua

199 3267 235 3320 τὸ
250 3269 369 3324 exierat
385 3266 547 3320 abundare.
569 3270 726 3320 Praeterea
762 3266 894 3320 editione
917 3266 1015 3338 posuit
1042 3265 1104 3322 Jos.
1133 3265 1290 3340 Scaliger.

201 3338 345 3410 arcessiri
369 3336 512 3416 scribitur
531 3337 561 3388 in
579 3333 661 3415 Laid:
676 3353 724 3408 pr.
746 3335 888 3416 oms.
910 3335 972 3389 MS.
983 3335 1100 3406 quidem
1111 3336 1229 3391 Louun.
1245 3353 1293 3388 er·

199 3405 280 3457 voa.
291 3409 383 3458 Dorv.
397 3414 425 3457 et
437 3402 519 3456 Lerd.
530 3419 587 3459 stc.
603 3401 660 3458 adr
674 3421 726 3458 uo·
761 3401 853 3466 hibet,
861 3421 914 3456 xxx
924 3402 1109 3469 cohortium,
1117 3413 1292 3459 scortorum

200 3471 304 3526 tataad
314 3475 347 3526 B.
358 3473 395 3527 G.
407 3491 432 3538 t,
441 3474 485 3528 31.
761 3473 1011 3553 sagittariorum,
1030 3473 1110 3526 nulia
1126 3474 1201 3526 iacta
1212 3477 1294 3558 equi:

237 3605 279 3664 Se
291 3607 400 3666 leniter
410 3609 569 3680 consequi]
590 3607 725 3664 Hirtium
760 3541 1293 3675 diiuffindiodxeitaliiiaiiianiserdtiietii

198 3678 435 3762 scriptitantur,
454 3686 543 3750 atque
556 3679 726 3768 ordinatim
759 3676 959 3802 poeulDEM.
975 3678 1041 3730 Cur·
1052 3693 1112 3734 sec.
1131 3679 1215 3734 MSS.
1226 3679 1293 3732 Lei.

197 3745 470 3877 irretit&
488 3765 636 3821 “mm''
658 3748 723 3801 m.
781 3743 1293 3872 {tittititti²·tt“tii“zttz

268 3917 272 3924 ·
757 3835 891 3941 {CCCsa
918 3884 1176 3941 itturiorumetia.
1197 3888 1291 3937 Dorv.

230 3948 515 4026 Etsagitteriisu]
533 3953 651 4034 Nullum
659 3950 724 4034 qui·
760 3955 828 4011 coir.
843 3963 873 4010 et
891 3901 989 4033 5⁶⁰0
1002 3955 1247 4025 sagittariorum
1264 3963 1295 4008 rt

195 4017 263 4074 dem
278 4020 316 4073 eit
331 4025 360 4074 tn
374 4023 459 4078 MSS.
476 4023 598 4075 lacunae
616 4021 723 4075 indict·
761 4023 792 4080 tt.
801 4023 883 4077 Laid.
896 4021 1169 4104 quaqueseaundus
1180 4034 1209 4075 et
1220 4019 1293 4076 aad.

195 4105 256 4155 um,
272 4087 724 4162 decisetameavidctursagitta-
759 4109 861 4148 omnes
874 4103 941 4144 ante
953 4089 1292 4213 Scaipierantmaddunt

195 4158 312 4212 riorum
326 4175 476 4224 numerus,
492 4175 579 4233 quarn
594 4159 633 4214 ab
643 4175 724 4212 caua-
759 4167 790 4216 et
800 4171 876 4226 ante,
888 4157 1000 4217 kartes.
1054 4159 1085 4214 S.
1095 4159 1254 4232 samgari,
1266 4161 1296 4214 εἰ
