2834 4730
786 21 857 103 ,l

87 321 94 330 -
190 264 264 344 ⁵30
377 285 380 292 ’
557 268 915 341 A.HIRT11

155 519 159 528 ·
190 493 342 566 modum
360 509 569 591 acceptum:
597 515 692 588 quae
705 491 895 591 provincia
910 493 1275 593 superioribusmen·

192 617 295 690 sibus
311 634 456 688 retenta
475 640 553 688 uon
574 632 717 687 tantum
736 615 816 686 siue
836 615 1054 714 ignominia,
1082 620 1273 692 sedetiam

154 761 277 816 acum
295 741 401 814 laude
419 758 517 813 erat:
542 764 702 837 namque
719 764 765 812 eo
784 739 902 812 millus
922 741 1055 816 aestate
1077 771 1159 817 oum
1177 775 1206 818 ιι
1219 745 1275 819 le·
1299 790 1303 797 ·

191 867 364 966 gionihus
379 881 396 920 ⁸
414 867 458 965 Q.
477 863 718 954 cornificius,
735 865 898 940 Caesaris
912 866 1083 964 quaestor
1094 895 1275 971 proprae·
1353 843 1359 867 ⁹

189 1009 294 1081 tore,
323 1015 544 1092 quamquam
569 1005 649 1061 erat
668 991 859 1096 provincia
885 989 1034 1063 minime
1054 994 1205 1093 eopiosa
1226 995 1276 1069 ad

189 1114 211 1170 b
231 1115 410 1188 exercitus
428 1105 602 1202 alendos,
628 1130 665 1198 et
684 1111 839 1188 finitimo
857 1115 958 1188 hello
983 1143 1027 1192 ao
1045 1119 1276 1192 diffensioni·

190 1242 262 1316 bus
282 1259 299 1295 ⁰
317 1239 490 1314 confecta
511 1257 548 1312 et
567 1238 725 1329 vastata,
757 1256 879 1344 tauron
902 1244 1098 1343 prudentia
1123 1270 1167 1318 ao
1191 1243 1274 1316 dili-

75 1415 78 1440 ,
190 1366 316 1464 gentis
332 1361 352 1418 ἃ
371 1389 459 1454 sua,
487 1365 591 1462 quod
610 1391 779 1463 magnam
804 1391 929 1438 euram
955 1367 1202 1468 suscipiebat,
1226 1395 1275 1441 ne

191 1508 304 1592 'quo
330 1495 470 1562 teritere
494 1491 802 1590 progrederetur,
837 1509 874 1563 et
900 1493 1064 1593 recepit,
1091 1511 1128 1564 et
1145 1493 1273 1565 desen·

153 1613 269 1689 3dit:
307 1614 499 1713 fnamque
526 1633 564 1687 et
588 1613 734 1688 castella
753 1616 944 1716 complura
962 1618 1055 1692 loeis
1075 1619 1184 1690 editis
1204 1643 1290 1718 pos

191 1743 283 1828 sita,
311 1765 468 1838 quorum
492 1739 753 1839 obportunitas
770 1741 985 1814 castellanos
1004 1741 1206 1842 inpellebat
1229 1743 1278 1815 ad

192 1865 427 1938 decursiones
445 1862 652 1953 faciendas,
678 1883 715 1938 et
735 1865 872 1938 bellum
894 1865 1137 1955 inferendum,
1165 1893 1277 1966 expu-

127 2011 180 2072 815
193 1986 340 2098 gnavitj
368 2015 487 2089 eaque
503 1989 644 2090 praeda
662 1989 797 2064 milites
819 1991 988 2064 donavit:
1015 1962 1110 2091 quale
1122 1991 1280 2064 etsierat

192 2114 326 2205 tenuis,
353 2131 478 2187 temen
492 2115 531 2185 in
543 2131 648 2186 tauta
669 2130 687 2188 t
703 2114 917 2215 provinciae
930 2116 1186 2217 desperatione
1197 2134 1278 2190 eret

155 2245 321 2344 dgrata,
340 2239 560 2340 ‘praesertim
581 2239 862 2340 virtutepartat
904 2259 952 2314 et¹
966 2264 1082 2342 quum
1105 2242 1277 2338 Octavius

192 2389 237 2438 ex
258 2363 347 2464 fuga
364 2359 569 2438 Pharsalici
590 2363 609 2416 ¹¹
628 2365 762 2466 proelii
780 2391 914 2464 magna
932 2367 1038 2440 olalle
1056 2367 1096 2442 in
1119 2367 1280 2442 illum-se

432 2529 1053 2590 vauraeraor1ossa
1159 2505 1170 2526 “

229 2643 245 2682 a
262 2625 346 2682 Deest
355 2603 457 2699 proha.
468 2625 580 2680 Lovan.
591 2627 623 2683 L.
634 2645 691 2682 see.
727 2625 748 2680 b
763 2629 930 2684 exercitum
942 2627 1086 2686 alentiam
1093 2627 1166 2688 [ιον.
1197 2647 1213 2683 e
1230 2630 1282 2686 Sia

193 2696 281 2752 MSS.
291 2713 383 2749 none.
395 2693 511 2768 etconf.
549 2693 566 2746 d
583 2693 660 2751 ebe'st
667 2697 701 2750 L.
712 2715 759 2768 pr·
770 2695 931 2768 quoddeelt
940 2698 1013 2752 Edd.
1025 2697 1058 2752 ll.
1069 2699 1109 2752 M.
1120 2701 1156 2753 V.
1193 2712 1208 2752 e
1225 2718 1282 2774 que

193 2763 391 2890 ξσῖἓιίὶἰῑξὶῗτ.
403 2763 451 2821 See
487 2764 502 2819 i
515 2783 588 2821 nam
598 2767 734 2823 ethaeo.
749 2765 804 2820 Ed.
814 2767 861 2820 ΕΙ.
897 2784 915 2841 g
930 2767 1038 2822 exsulet
1049 2767 1121 2824 Edd.
1136 2765 1171 2821 tt.
1189 2769 1231 2824 Μ.
1245 2773 1281 2827 V.

194 2987 320 3056 ter'eret
331 2999 534 3066 Mithridates,
552 3001 614 3076 qui,
633 3002 722 3056 maxi·
756 3003 828 3077 Reg.
840 3011 870 3056 et
878 3001 994 3069 Voffit)
1005 3003 1138 3068 restituit,
1150 3003 1298 3060 adduae·¹
1348 3053 1364 3072 ,

195 3070 351 3126 misr-ebur
369 3069 471 3192 lestis,
490 3069 723 3128 taudemal'om·
756 3074 812 3144 ret.
845 3074 926 3148 Quae
948 3083 977 3126 et
994 3077 1097 3127 verior
1110 3073 1282 3128 videturde-

197 3140 268 3216 pajo
283 3138 368 3192 debe}
382 3149 463 3204 atus,
478 3139 724 3198 maletentotum
757 3143 829 3195 otio.
848 3149 914 3202 Non
931 3141 1008 3195 enirn
1024 3142 1221 3210 Cornificius,
1232 3159 1281 3195 re-

199 3227 313 3266 veneno
337 3207 479 3279 spiritum
491 3207 578 3280 ferro
594 3209 723 3285 expulit,
756 3211 1057 3284 lictatuaprovineia,
1077 3211 1126 3266 sed
1136 3211 1282 3267 Gabinius

197 3289 231 3334 at
247 3277 381 3352 lo'quitur
398 3275 502 3335 Morus
517 3281 548 3347 3,
562 3280 642 3348 Mad.
658 3283 722 3334 DA.
758 3279 855 3348 eolus,
884 3281 913 3334 in
929 3279 1151 3336 Macedoniam
1166 3281 1283 3334 videtur

199 3347 276 3404 vls.
757 3344 962 3404 luilloiturut.
985 3349 1117 3404 CLARH.
1150 3347 1285 3404 Adduce-

759 3417 1284 3489 relMSS.omnesetEdd..lldi,Gry-
1400 3417 1401 3428 ¹

238 3484 274 3539 ln
286 3481 504 3542 Macedoniam
519 3483 657 3561 legiones
671 3483 724 3542 ad·
759 3486 834 3562 phii,
847 3489 933 3544 Vuae.
947 3485 1087 3560 Stephani
1096 3488 1241 3561 aliaeque.

202 3551 345 3614 duceret]
365 3553 415 3607 sie
428 3553 583 3626 legendum
598 3573 632 3608 ex
642 3555 725 3611 Msto

202 3623 323 3681 Noreia.
340 3633 368 3675 et
384 3621 454 3677 edit.
475 3622 579 3693 Steph.
596 3622 726 3678 edidite·
763 3649 766 3656 ·
799 3622 867 3698 Qua
883 3641 974 3692 saepe
986 3625 1019 3680 in
1034 3621 1285 3695 bellisperialt'ta-

200 3695 263 3750 uim
277 3691 340 3747 dos.
359 3689 514 3766 Scaliger,
530 3696 564 3748 in
579 3690 725 3750 Macedo·
761 3697 826 3752 lus]
846 3693 896 3746 Sio
911 3709 945 3746 ex
961 3695 1044 3750 MSS.
1055 3693 1126 3768 neg.
1140 3695 1245 3770 Eliehs.
1257 3701 1288 3746 et

202 3763 290 3821 niam
308 3757 445 3832 legiones
462 3753 661 3830 adducerent,
693 3777 727 3814 ae
762 3760 853 3816 Vollii
867 3761 988 3815 restitui.
1011 3761 1100 3825 Editi,
1114 3763 1288 3834 (quamsae-

203 3831 323 3918 itesene
338 3829 474 3882 exhibent
490 3829 676 3904 antiquissimi
694 3847 728 3884 ex
762 3847 800 3900 pe
815 3831 890 3896 etr.)
910 3847 1005 3912 aeque
1019 3831 1175 3885 Latinitate
1191 3847 1288 3902 neque

204 3896 729 4034 ttttttrtrl?attaholt
764 3897 1289 4050 ttetttttsttttttattlth

206 4038 270 4093 fere
280 4051 388 4096 ornnes,
399 4034 593 4092 adducerent.
609 4035 666 4091 Sed
675 4042 730 4091 Da·
764 4048 895 4108 repourt,
911 4053 968 4110 qua
982 4055 1073 4110 saepe
1088 4037 1289 4110 periclitatus,
1320 4071 1327 4098 .

207 4105 299 4160 virius
309 4121 342 4158 er
355 4101 430 4159 Edit.
443 4105 544 4177 Steph.
560 4116 589 4159 et
598 4105 660 4160 MS.
672 4105 731 4160 Eli·
766 4104 915 4178 additque,
934 4106 1067 4178 vulgatae
1084 4107 1219 4160 lectionis
1237 4123 1288 4159 ne·
1400 4125 1401 4144 t

206 4173 283 4242 enti,
302 4171 496 4250 (quibuscum
515 4174 626 4234 feriunt
643 4173 730 4233 MSS.
766 4173 1289 4252 quehetinitetemuequetonsurata-
