2800 4730
346 297 406 362 na
429 301 464 362 a.
487 282 608 364 nnio
630 279 829 366 caesana
850 301 1023 367 mntem.
1145 303 1208 385 ea7
1282 309 1292 329 ·

123 509 174 570 ria
192 508 308 594 lapsae,
332 527 504 592 perperam
518 508 675 573 ediderit:
698 508 919 596 existimatque
933 510 1164 597 rescripturum
1179 527 1211 576 et

125 629 348 677 correcturum
368 613 471 676 luisse.
514 615 561 676 Ex
577 619 733 680 Suetonio
752 623 782 680 in
803 617 916 700 Caesare
936 641 959 680 c.
976 617 1028 680 56.

208 724 244 783 C.
260 741 340 784 rero
358 720 472 782 Caesar
485 722 513 782 si
530 735 651 784 tantum
664 723 739 786 soro
756 725 902 798 vacasset,
925 745 990 786 non
1007 725 1089 788 aliua
1101 745 1141 787 ex
1153 747 1211 788 nc·

120 827 193 892 stria
210 843 322 891 contra
337 829 529 890 Ciceronem
546 831 790 908 nominaretur3
812 843 898 892 tanta
916 832 950 904 in
971 849 1010 892 eo
1025 831 1077 891 vis
1093 827 1155 904 cll,
1178 830 1212 891 id
1291 830 1295 838 '

122 957 273 1011 acumen,
297 957 334 997 aa
356 936 551 1010 concitatio,
574 951 610 999 ut
625 937 716 1000 illum
734 935 851 1000 eodem
870 937 977 998 animo
991 935 1123 1014 dixisse,
1147 957 1211 1020 quo

122 1043 276 1116 bellavit,
301 1043 467 1126 adpareat:
496 1058 631 1106 exornat
647 1057 754 1106 tamen
764 1044 844 1106 haec
862 1046 968 1106 omnia
987 1043 1069 1104 mira
1088 1063 1212 1106 aermo-
1273 1093 1276 1096 .

121 1151 189 1224 nie,
227 1150 317 1232 cujus
339 1147 648 1236 proprie'sludiosua
667 1151 747 1228 suit,
780 1151 971 1234 elegantiam
991 1153 1040 1214 Ex
1064 1151 1212 1249 Quincti·

120 1259 200 1321 liani
219 1259 239 1319 l.
260 1280 306 1321 ιο.
330 1281 352 1319 c.
372 1281 399 1320 1.
443 1299 446 1306 ·
589 1257 598 1276 '

199 1365 286 1460 Quid
304 1379 410 1427 tamen
434 1377 550 1439 nocet,
580 1366 646 1428 vim
672 1363 838 1439 Caesarie,
875 1365 1078 1450 asperitatem
1094 1365 1210 1440 Caelii,

122 1470 323 1556 diligeptiam
338 1471 512 1545 Pollionis,
534 1469 690 1552 judicium
708 1471 797 1534 Calvi
812 1469 1002 1555 quibusdam
1014 1473 1047 1532 in
1058 1473 1140 1534 locia
1155 1472 1212 1533 ad-

119 1577 268 1638 sumere?
292 1581 337 1637 Ex
350 1578 562 1674 Quinctiliani
579 1577 601 1637 l.
622 1597 670 1638 ro.
692 1599 716 1636 c.
734 1595 763 1637 a.
857 1591 860 1598 ·

73 1741 77 1748 .
150 1712 153 1726 Α
198 1685 284 1746 Hine
305 1683 371 1746 vim
396 1680 561 1756 Caesarie,
584 1681 727 1744 indolem
748 1679 870 1758 Coelii,
890 1683 1103 1746 subtilitatem
1123 1684 1207 1746 cati.
1227 1710 1276 1744 ιοιο
1336 1669 1349 1687 “

120 1785 186 1860 dii,
209 1787 397 1870 gravitatem
415 1787 526 1860 Bruti,
550 1807 682 1849 acumen
705 1790 853 1872 Sulpicii,
875 1790 1083 1855 acerbitatem
1100 1791 1206 1864 Callii,

119 1893 319 1976 diligentiam
344 1890 525 1963 Pollionis,
572 1893 760 1980 dignitatem
786 1895 966 1969 Molindae,
1008 1898 1232 1985 sanctitatem

120 2000 210 2062 Calvi
234 2001 448 2082 reperiemus.
494 1997 539 2056 Ex
557 1997 769 2094 Quinctiliani
790 2000 812 2062 l.
833 2019 879 2062 ra.
898 2023 920 2062 c.
937 2021 983 2063 to.
1006 2062 1008 2066 .

199 2105 242 2166 At
265 2103 405 2165 strictior
430 2103 564 2178 Calvus,
594 2107 808 2172 numerosior
827 2108 982 2184 Asinius,
1006 2109 1209 2194 splendidior

119 2209 254 2284 Caesar,
277 2209 416 2272 amarior
439 2209 589 2286 Coelius„
613 2213 745 2298 gravior
764 2219 909 2290 Brutus,
938 2216 1164 2280 vehementior
1178 2234 1211 2282 et
1305 2199 1309 2228 ¹

116 2319 247 2400 plenior
261 2331 294 2380 et
308 2315 468 2380 valentior
491 2316 617 2382 Cicero.
648 2323 697 2384 Ex
717 2325 835 2384 Auctore
857 2323 975 2408 Dialogi
1001 2323 1210 2390 decretoribus

119 2443 177 2506 cap.
193 2426 243 2488 25.

186 2527 316 2619 Adparet
327 2549 365 2603 ‘ct
381 2554 435 2603 aas
455 2553 548 2620 φῦναι
568 2551 644 2622 notia
661 2547 755 2626 λόγω
767 2551 950 2631 τολιτςκῦτὸ
965 2557 1087 2626 Καῖσαρ
1103 2554 1207 2628 ripato,

117 2644 170 2726 atos
194 2643 378 2708 διαπονῆσαι
406 2644 631 2714 φιλοτιμότατα
658 2644 711 2713 τὴν
734 2645 844 2720 φύσιν,
873 2648 914 2702 ait
930 2649 968 2704 τὰ
983 2651 1142 2720 devttpato
1157 2654 1209 2716 uir

118 2747 372 2816 ἀδηρίτωτὲῖειν,
400 2753 462 2800 etc.
499 2741 547 2800 Ex
569 2739 742 2809 Plutarcho
763 2745 794 2802 iu
815 2745 893 2804 Caes.
913 2759 943 2823 p.
958 2745 1029 2816 708.

184 2870 227 2926 Ἑν
240 2871 271 2926 δὲ
282 2871 382 2946 Ῥώμῃ
399 2871 502 2940 πολλὴ
514 2871 571 2942 μὴν
590 2873 637 2928 inl
653 2878 698 2942 τῷ
709 2869 798 2942 λόγῳ
813 2875 880 2943 retes
898 2870 952 2928 tais
967 2849 1208 2948 dvanpopsa'rad·

117 2989 173 3038 τοῦ
188 2982 281 3054 Χάρις
295 2979 471 3044 ἐξέλαμπεν.
507 2972 555 3032 Ex
572 2967 745 3040 Plulm'cho
762 2971 792 3026 in
811 2969 889 3030 Caes.
912 2985 941 3046 p.
954 2967 1026 3044 708.

199 3105 247 3166 Ac
272 3105 351 3165 mihi
377 3124 416 3165 ex
439 3102 574 3165 Graecis
597 3099 761 3161 orationes
782 3097 896 3177 Lysiae
923 3093 1072 3168 oslentat,
1097 3116 1136 3156 ex
1152 3117 1206 3159 no-

117 3209 188 3272 strie
209 3196 429 3275 Gracchorum
454 3205 668 3290 Catonisque,
702 3223 840 3287 quorum
855 3221 931 3262 sane
955 3185 1114 3284 plurimae
1132 3191 1216 3264 aant‘

117 3315 323 3380 circumcisae
344 3329 375 3377 et
391 3315 521 3377 breves.
556 3317 628 3398 Ego
646 3311 761 3394 Lysiae
782 3305 1044 3380 Demosthenem,
1067 3309 1204 3370 Aeschi-

116 3443 208 3498 nem,
231 3419 440 3508 Hyperidem,
457 3420 649 3503 multosque
666 3429 848 3500 praeterea,
872 3411 1027 3477 Gracchis
1044 3429 1075 3476 et
1089 3415 1203 3478 Catoni

115 3530 316 3603 Pollionem,
340 3525 525 3602 Caesarem,
559 3527 722 3600 Coelium,
742 3523 903 3632 kinprimis
925 3526 969 3582 Μ.
988 3519 1129 3584 Tullium
1145 3545 1202 3608 op-

81 3637 86 3658 *
115 3654 222 3720 pono,
245 3633 335 3713 cujus
359 3633 462 3698 oratio
485 3635 605 3720 optime
625 3633 731 3696 lentur
757 3629 854 3704 esse,-
871 3648 951 3714 quae
968 3627 1111 3709 maxima.
1154 3631 1202 3692 Ex

116 3742 205 3802 Plinii
222 3739 244 3801 1.
264 3763 290 3801 ι.
312 3739 400 3822 Epist.
420 3760 469 3802 ao.

200 3871 265 3933 Sed
283 3891 344 3954 ego
361 3869 494 3944 uerear,
523 3890 565 3932 ne
584 3889 716 3933 menon
738 3867 816 3931 satie
837 3865 967 3940 deceat,
991 3865 1076 3949 quod
1090 3865 1200 3930 decuit
1263 3897 1273 3906 ·

115 3979 161 4044 M.
183 3978 334 4053 Tullium,
359 3979 395 4041 C.
413 3980 555 4053 Calvum,
577 3977 726 4041 Asinium
740 3975 934 4047 Pollionem,
957 3977 1001 4034 Μ.
1015 3975 1197 4049 Messallam,
1283 4027 1286 4036 .
1329 3977 1330 3987 ’

117 4096 180 4144 eto.
212 4083 334 4166 Dirum
353 4087 497 4162 lulium,
537 4087 662 4148 Divum
681 4081 873 4166 Augustum,
909 4081 1029 4145 Divum
1048 4083 1199 4154 Nervam,

115 4189 189 4252 Tib.¹
210 4191 393 4268 Caesarem,
419 4205 481 4258 ete.
523 4193 570 4254 Ex
586 4189 728 4344 Pliniill:
747 4189 779 4250 5.
803 4188 890 4272 Epist.
906 4187 936 4254 3.

718 4299 754 4344 ιι
778 4299 799 4346 a
