2800 4730
209 377 224 406 ⁶
377 277 848 354 stlttsaonr'n'nrn.
1141 277 1203 359 es,

126 405 1196 450 Μ

120 533 127 544 ·
202 499 300 597 Quod
321 499 470 584 quaeris,
500 481 723 584 quid'Caesar
748 493 789 557 ad
812 513 864 554 nte
892 488 1086 574 scripserit?
1119 483 1208 571 quod

119 624 238 692 saepe,
268 605 479 690 grstissimum'
497 606 561 670 sibi
578 605 662 678 ell'e,
694 602 783 689 quod
801 600 961 688 quierim:
997 611 1152 680 oratque,
1173 593 1208 659 iti

121 712 165 778 e'o
185 727 221 776 ut
240 733 460 798 perseverem.
502 713 551 775 Ere
565 712 736 777 Ciceronis
756 710 777 771 l.
790 712 821 772 8.
844 710 880 768 ad
893 711 981 770 Arria.
1000 703 1088 785 Epist.
1105 723 1154 766 rr.
1202 722 1205 732 ·

202 845 299 942 Quod
318 847 448 930 quidem
469 841 705 933 propemodum
723 841 841 905 videor
860 861 899 902 ex
919 835 1064 904 Caesaris
1086 831 1207 893 litteris
1252 928 1255 938 .
1317 853 1322 860 ’
1353 909 1357 924 ,

122 953 226 1037 ipsius
248 954 420 1032 ,voluntate-
438 955 548 1017 lacere
571 951 680 1038 poss'c:
711 947 766 1032 qui
791 937 888 1030 negat
915 963 1022 1028 neque
1045 936 1208 1034 bonellins

123 1081 230 1144 neque
246 1061 347 1124 tutius
359 1059 533 1146 quidquem
550 1060 636 1131 ell'e,
660 1075 755 1143 quem
771 1057 810 1120 ab
826 1054 914 1120 omni
933 1049 1142 1116 contentione
1154 1043 1210 1106 nb.

116 1167 200 1228 elie.
243 1169 291 1228 Ex
308 1165 479 1230 Ciceronis
498 1167 521 1228 1.
541 1187 588 1228 ιο.
611 1165 648 1225 ad
663 1167 750 1228 Arric.
768 1161 857 1244 Epist.
874 1181 904 1242 q.

207 1294 322 1358 Caesar
337 1295 416 1357 mihi
437 1297 580 1380 ignoscit
598 1317 660 1384 per
678 1298 827 1370 litteras,
861 1289 947 1376 quod
966 1269 1210 1354 nonrenerim,

125 1423 265 1487 seseque
285 1403 319 1462 in
340 1399 491 1484 optimam
514 1420 639 1488 partem
665 1401 699 1465 id
724 1403 875 1491 accipere
897 1399 986 1462 dicit.
1028 1393 1139 1456 Facile
1156 1411 1212 1472 pa·

126 1509 210 1580 tior,
235 1503 322 1591 quod
340 1507 476 1580 scribit,
499 1529 609 1571 secum
627 1509 757 1571 Tullum
774 1521 807 1570 et
825 1503 975 1584 Serrium
993 1495 1120 1584 questos
1136 1497 1211 1568 ell'e,

125 1613 281 1700 quianon
297 1611 384 1674 idem
404 1613 485 1686 sibi,
509 1615 597 1699 qnod
611 1615 712 1690 mihi,
734 1589 925 1684 remisillet‚
947 1621 1010 1669 etc.
1035 1605 1092 1669 sed
1108 1620 1215 1667 tamen

126 1720 308 1804 exemplum
315 1718 390 1780 misi
401 1717 441 1781 ad
451 1733 483 1783 te
498 1721 644 1786 Caesaris
654 1723 848 1786 litterarum.
876 1715 924 1779 Ἐκ
944 1715 1114 1779 Ciceronis
1130 1713 1214 1804 '51¹⁰‘

126 1827 164 1888 ad
180 1831 267 1889 Attis.
288 1823 373 1905 Epist.
390 1825 419 1892 3.
1197 1831 1202 1842 “

210 1928 330 1994 Sestius
354 1930 439 2015 apud
454 1952 506 1994 me
527 1931 609 2006 luit,
633 1948 667 1996 et
683 1931 916 2022 Theopompus
934 1925 1063 2014 pridie:
1093 1927 1217 1992 veniile

129 2061 148 2100 a
164 2037 299 2101 Caesare
321 2038 471 2100 narrabat
492 2039 637 2102 litteras:
667 2040 731 2100 hoc
752 2038 911 2110 scribere,
929 2036 992 2097 sibi
1010 2051 1134 2100 certum
1154 2035 1217 2098 elle

38 2202 41 2208 .
129 2141 251 2207 Romae
267 2162 419 2220 manere3
455 2145 654 2230 causs‘emque
675 2167 745 2207 eam
761 2129 972 2213 adscribere,
997 2163 1080 2228 quae
1101 2156 1171 2203 eret
1184 2141 1219 2202 in

129 2245 271 2334 Epistola
283 2245 406 2320 nollra,
427 2267 468 2308 ne
490 2268 525 2309 se
545 2250 674 2314 absente
693 2253 783 2336 leges
801 2270 877 2311 suae
894 2249 1240 2334 negligerenturfiiq·

130 2371 187 2420 cut
203 2355 282 2419 ellet
305 2359 455 2441 neglectu
473 2357 666 2420 Sumtuaris.
708 2360 756 2420 Ex
774 2355 943 2420 Ciceronis
967 2356 989 2416 l.
1009 2355 1054 2420 13.
1076 2355 1114 2416 cd
1129 2336 1219 2416 Artis.¹

74 2539 78 2549 .
132 2463 222 2546 Elist·
240 2483 271 2540 7·

213 2566 279 2629 Sed
292 2565 374 2629 heus
388 2581 435 2642 tu,
458 2569 559 2631 celari
572 2567 688 2635 videor
704 2596 720 2636 a
737 2571 789 2635 te!
813 2571 1063 2661 quomodonam,
1082 2571 1126 2631 mi
1140 2559 1225 2640 Fra-Q
1279 2631 1287 2638 ,

131 2685 202 2748 ter,
224 2673 266 2736 de
281 2671 398 2738 nostris
416 2677 568 2738 versibus
587 2677 729 2741 Caesar?
751 2683 831 2741 Nam
847 2663 986 2762 primum
998 2677 1222 2740 librumsele·
1266 2734 1268 2746 ,

134 2783 213 2868 gille
233 2781 366 2866 scripsit
385 2781 492 2845 adme
514 2797 609 2846 ente:
651 2799 684 2845 et
698 2785 825 2870 prime,
848 2787 913 2861 sio,
935 2799 972 2848 ut
986 2799 1103 2870 neget,
1127 2805 1162 2848 se
1178 2803 1221 2846 ne

134 2892 260 2954 Graeca
277 2885 409 2972 quidem
428 2890 564 2954 meliora
589 2891 713 2976 legiss'e.
755 2895 895 2978 Reliqua
922 2894 962 2955 ad
988 2891 1156 2978 quemdam
1172 2891 1221 2952 los

134 2999 440 3075 comperiendam,
460 2993 524 3057 hoc
543 2999 629 3060 enim
645 3001 748 3060 utitur
766 3001 868 3062 verbo
890 3015 953 3063 etc.
986 3005 1033 3069 Ex
1050 2998 1222 3061 Ciceronis

135 3105 156 3168 l.
169 3125 198 3167 e.
218 3105 255 3164 ad
273 3101 427 3186 Qirtcrum
442 3103 586 3178 Fratrem,
608 3104 698 3185 Epst.
719 3105 766 3166 15.

216 3211 324 3306 Quum
339 3207 421 3270 banc
436 3209 499 3291 jam
513 3207 677 3294 epistolam
693 3209 939 3296 complicarem,
963 3209 1152 3281 tabellariis
1164 3231 1224 3278 vo·

134 3317 188 3381 bis
205 3327 367 3380 venerunt
385 3315 423 3380 A.
441 3317 483 3376 D.
501 3313 626 3376 xr'ilal.
646 3316 831 3400 Septembr.
850 3317 1008 3382 vicesimo
1027 3319 1090 3406 die.
1127 3317 1225 3386 Ome

107 3502 109 3510 s
137 3421 329 3486 sollicitum!
352 3436 504 3510 quantum
521 3443 584 3506 ego
602 3421 692 3486 dolui
709 3421 743 3482 in
763 3422 909 3486 Caesaris
928 3427 1119 3490 suavill'rmis
1137 3427 1226 3489 litte·
1332 3445 1339 3470 t

101 3575 104 3580 ι
138 3527 205 3592 ris!
229 3525 289 3590 sed
307 3547 372 3612 quo
393 3541 487 3610 crant
513 3527 699 3604 suaviores,
730 3549 771 3592 eo
794 3531 949 3614 majorem
971 3531 1119 3596 dolorem
1134 3532 1225 3594 illius
1308 3559 1326 3580 ··

139 3639 196 3700 ille
214 3657 308 3699 casus
324 3630 504 3698 adferebat.
537 3635 585 3698 Ex
599 3635 770 3700 Ciceronis
786 3637 808 3700 1.
818 3636 848 3703 3.
870 3637 907 3699 od
920 3635 1074 3722 ‚Quintum
1083 3624 1223 3714 Fratrem,

140 3748 169 3810 Ε
186 3749 197 3804 i
220 3789 229 3806 .
247 3766 274 3806 s.
294 3777 296 3788 ν

165 3746 275 3914 1'stDe
288 3849 453 3915 tribunatu
466 3847 554 3934 qnod
574 3853 717 3928 scribis,
741 3873 804 3938 ego
821 3871 902 3916 vero
916 3850 1106 3915 nominatim
1118 3846 1227 3934 'petivi

142 3961 274 4036 Curtio,
294 3974 328 4024 et
346 3957 426 4022 mihi
442 3962 516 4046 ipse
532 3958 647 4025 Caelsr
664 3961 853 4024 nominatim
868 3957 983 4022 Curtio
1000 3972 1144 4044 paratum
1161 3955 1227 4017 ess'e

145 4071 340 4154 rescripsit,
367 4082 534 4153 meamque
558 4067 594 4130 iu
617 4069 763 4153 rogando
781 4065 1013 4133 verecundiam
1031 4059 1224 4149 objurgavit·

141 4176 190 4239 Ex
207 4177 378 4241 Ciceronis
400 4177 423 4242 l.
438 4178 470 4243 ³.
489 4179 527 4240 ad
539 4175 693 4263 ,Quintum
710 4181 858 4256 Fratrem,
880 4175 968 4260 Epist.
988 4199 1014 4238 ι.

937 4385 950 4419 N
